@inproceedings{huang2015text,
  title={Text Extraction and Recognition from Posters for Movie Title Retrieval},
  author={Huang, Yin-Fu and Hsieh, Min-Chang},
  booktitle={Proceedings of the 19th International Database Engineering \& Applications Symposium},
  pages={180--185},
  year={2015},
  organization={ACM}
}
