@inproceedings{tian2016detecting,
  title={Detecting text in natural image with connectionist text proposal network},
  author={Tian, Zhi and Huang, Weilin and He, Tong and He, Pan and Qiao, Yu},
  booktitle={European conference on computer vision},
  pages={56--72},
  year={2016},
  organization={Springer}
}
