@inproceedings{wong2002image,
  title={An image signature for any kind of image},
  author={Wong, H Chi and Bern, Marshall and Goldberg, David},
  booktitle={Image Processing. 2002. Proceedings. 2002 International Conference on},
  volume={1},
  pages={I--I},
  year={2002},
  organization={IEEE}
}
